@inproceedings{dannenberg2005design,
    title={Design patterns for real-time computer music systems},
    author={Dannenberg, Roger B and Bencina, Ross},
    booktitle={Proceedings of ICMC 2005},
    year={2005}
}

@article{love2005get,
    title={Get on the D-BUS},
    author={Love, Robert},
    journal={Linux Journal},
    volume={2005},
    number={130},
    pages={3},
    year={2005}
}
@online{cutler2014oscquery,
    title = {OSCQuery proposal},
    date = {Sep 11, 2017},
    url = {https://github.com/MrRay/OSCQueryProposal}
}

@article{network1999rfc,
    title={RFC 2616: Hypertext Transfer Protocol--HTTP/1.1},
    author={Network Working Group and others},
    journal={R. Fielding, J. Gettys, J. Mogul, H. Frystyk, L. Masinter, P. Leach, T. Berners-Lee},
    year={1999}
}



@inproceedings{celerier2015ossia,
    title={OSSIA: Towards a unified interface for scoring time and interaction},
    author={Celerier, Jean-Micha{\"e}l and Baltazar, Pascal and Bossut, Cl{\'e}ment and Vuaille, Nicolas and Couturier, Jean-Michel and others},
    booktitle={TENOR2015},
    year={2015}
}
@article{arias2016authoring,
    title={Authoring and automatic verification of interactive multimedia scores},
    author={Arias, Jaime and Celerier, Jean-Micha{\"e}l and Desainte-Catherine, Myriam},
    journal={Journal of New Music Research},
    pages={1--19},
    year={2016},
    publisher={Taylor \& Francis}
}

@inproceedings{celerier2016graphical,
    title={Graphical Temporal Structured Programming for Interactive Music},
    author={Celerier, Jean-Micha{\"e}l and Desainte-Catherine, Myriam and Couturier, Jean-Michel},
    booktitle={International Computer Music Conference},
    year={2016}
}
@inproceedings{celerier2016rethinking,
    title={Rethinking the audio workstation: tree-based sequencing with i-score and the LibAudioStream},
    author={Celerier, Jean-Micha{\"e}l and Desainte-Catherine, Myriam and Couturier, Jean-Michel},
    booktitle={Sound and Music Computing},
    year={2016}
}
@article{lamport1998part,
    title={The part-time parliament},
    author={Lamport, Leslie},
    journal={ACM Transactions on Computer Systems (TOCS)},
    volume={16},
    number={2},
    pages={133--169},
    year={1998},
    publisher={ACM}
}
@inproceedings{ongaro2014search,
    title={In search of an understandable consensus algorithm},
    author={Ongaro, Diego and Ousterhout, John},
    booktitle={2014 USENIX Annual Technical Conference (USENIX ATC 14)},
    pages={305--319},
    year={2014}
}
@article{sheehy2015there,
    title={There is no now},
    author={Sheehy, Justin},
    journal={Communications of the ACM},
    volume={58},
    number={5},
    pages={36--41},
    year={2015},
    publisher={ACM}
}

@article{mills1991internet,
    title={Internet time synchronization: the network time protocol},
    author={Mills, David L},
    journal={Communications, IEEE Transactions on},
    volume={39},
    number={10},
    pages={1482--1493},
    year={1991},
    publisher={IEEE}
}

@inproceedings{hsu2012measurement,
    title={A measurement of time synchronization on mobile devices},
    author={Hsu, Wang-Hsin and Liu, You-Shun and Lin, Wen-Yen and Tai, Wei-Chen and Wu, Jung-Shyr},
    booktitle={Instrumentation and Measurement Technology Conference (I2MTC), 2012 IEEE International},
    pages={2692--2694},
    year={2012},
    organization={IEEE}
}

@inproceedings{peng2009research,
    title={The research of precision time protocol IEEE1588},
    author={Peng-Fei, Yu and Qiang, Yu and Hui, Deng and Xing-chuan, Bao and Yuan-yuan, Ma},
    booktitle={International Conference on Electrical Engineering},
    year={2009}
}
@article{corbett2013spanner,
    title={Spanner: Google’s globally distributed database},
    author={Corbett, James C and Dean, Jeffrey and Epstein, Michael and Fikes, Andrew and Frost, Christopher and Furman, Jeffrey John and Ghemawat, Sanjay and Gubarev, Andrey and Heiser, Christopher and Hochschild, Peter and others},
    journal={ACM Transactions on Computer Systems (TOCS)},
    volume={31},
    number={3},
    pages={8},
    year={2013},
    publisher={ACM}
}
@inproceedings{kulkarni2014logical,
    title={Logical physical clocks},
    author={Kulkarni, Sandeep S and Demirbas, Murat and Madappa, Deepak and Avva, Bharadwaj and Leone, Marcelo},
    booktitle={International Conference on Principles of Distributed Systems},
    pages={17--32},
    year={2014},
    organization={Springer}
}
@inproceedings{carot2009netjack,
    title={Netjack-Remote music collaboration with electronic sequencers on the Internet},
    author={Car{\^o}t, Alexander and Hohn, Torben and Werner, Christian},
    booktitle={Linux Audio Conference},
    year={2009}
}
@inproceedings{carot2007networked,
    title={Networked music performance: State of the art},
    author={Car{\^o}t, Alexander and Rebelo, Pedro and Renaud, Alain},
    booktitle={Audio engineering society conference: 30th international conference: intelligent audio environments},
    year={2007},
    organization={Audio Engineering Society}
}

@article{pignato2015deterritorialized,
    title={Deterritorialized, Multilocated and Distributed: Musical space, poietic domains and cognition in distance collaboration},
    author={Pignato, Joseph Michael and Begany, Grace M},
    journal={Journal of Music, Technology \& Education},
    volume={8},
    number={2},
    pages={111--128},
    year={2015},
    publisher={Intellect}
}

@article{koszolko2015crowdsourcing,
    title={Crowdsourcing, jamming and remixing: a qualitative study of contemporary music production practices in the cloud},
    author={Koszolko, Martin K},
    journal={Journal on the Art of Record Production},
    volume={10},
    year={2015},
    publisher={Art of Record Production}
}


@article{scheiterer2009synchronization,
    title={Synchronization performance of the precision time protocol in industrial automation networks},
    author={Scheiterer, Ruxandra Lupas and Na, Chongning and Obradovic, Dragan and Steindl, G{\"u}nter},
    journal={Instrumentation and Measurement, IEEE Transactions on},
    volume={58},
    number={6},
    pages={1849--1857},
    year={2009},
    publisher={IEEE}
}

@article{elson2002fine,
    title={Fine-grained network time synchronization using reference broadcasts},
    author={Elson, Jeremy and Girod, Lewis and Estrin, Deborah},
    journal={ACM SIGOPS Operating Systems Review},
    volume={36},
    number={SI},
    pages={147--163},
    year={2002},
    publisher={ACM}
}

@article{abari2014one,
    title={One Clock to Rule Them All: A Primitive for Distributed Wireless Protocols at the Physical Layer},
    author={Abari, Omid and Rahul, Hariharan and Katabi, Dina},
    year={2014}
}

@inproceedings{syed2006time,
    title={Time Synchronization for High Latency Acoustic Networks.},
    author={Syed, Affan A and Heidemann, John S},
    booktitle={INFOCOM},
    year={2006}
}

@article{torres1999plausible,
    title={Plausible clocks: constant size logical clocks for distributed systems},
    author={Torres-Rojas, Francisco J and Ahamad, Mustaque},
    journal={Distributed Computing},
    volume={12},
    number={4},
    pages={179--195},
    year={1999},
    publisher={Springer}
}

@misc{banerjee2012network,
    title={Network latency estimation},
    author={Banerjee, S. and Sharma, P. and Lee, S.J.},
    url={http://www.google.com/patents/US8254264},
    year={2012},
    month=aug # "~28",
    publisher={Google Patents},
    note={US Patent 8,254,264}
}

@inproceedings{gummadi2002king,
    title={King: Estimating latency between arbitrary internet end hosts},
    author={Gummadi, Krishna P and Saroiu, Stefan and Gribble, Steven D},
    booktitle={Proceedings of the 2nd ACM SIGCOMM Workshop on Internet measurment},
    pages={5--18},
    year={2002},
    organization={ACM}
}

@patent{im2000method,
    title={Method and system for peer-to-peer network latency measurement},
    author={Im, Hoon and Link, Craig A},
    year={2000},
    month=jan # "~4",
    publisher={Google Patents},
    note={US Patent 6,012,096}
}

@inproceedings{mills2010dislocated,
    title={Dislocated sound: A survey of improvisation in networked audio platforms},
    author={Mills, RH},
    booktitle={New Interfaces for Musical Expression},
    year={2010},
    organization={University of Technology, Sydney.}
}

@inproceedings{mckinney2012oscthulhu,
    title={Oscthulhu: Applying video game state-based synchronization to network computer music},
    author={McKinney, Curtis and McKinney, Chad},
    booktitle={International Computer Music Conference},
    year={2012}
}
@article{ferrant2008synchronous,
    title={Synchronous Ethernet: A method to transport synchronization},
    author={Ferrant, J-L and Gilson, Mike and Jobert, Sebastien and Mayer, Michael and Ouellette, Michel and Montini, Laurent and Rodrigues, Silvana and Ruffini, Stefano},
    journal={IEEE Communications Magazine},
    volume={46},
    number={9},
    year={2008},
    publisher={IEEE}
}
@inproceedings{oda2016global,
    title={The Global Metronome: Absolute tempo sync for networked musical performance},
    author={Oda, Reid and Fiebrink, Rebecca and others},
    booktitle={New Interfaces for Musical Expression},
    year={2016},
    publisher={Goldsmiths University of London}
}



@article{lamport1978time,
    title={Time, clocks, and the ordering of events in a distributed system},
    author={Lamport, Leslie},
    journal={Communications of the ACM},
    volume={21},
    number={7},
    pages={558--565},
    year={1978},
    publisher={ACM}
}








@article{Alur:1994,
    author = {Alur, Rajeev and Dill, David L},
    doi = {10.1016/0304-3975(94)90010-8},
    issn = {03043975},
    journal = {Theoretical Computer Science},
    month = {apr},
    number = {2},
    pages = {183--235},
    title = {{A theory of timed automata}},
    url = {http://linkinghub.elsevier.com/retrieve/pii/0304397594900108},
    volume = {126},
    year = {1994}
}

@article{Bengtsson:2002,
    author = {Bengtsson, Johan and {David Griffioen}, W.O. and Kristoffersen, K{\aa}re J and Larsen, Kim Guldstrand and Larsson, Fredrik and Pettersson, Paul and Yi, Wang},
    doi = {10.1016/S1567-8326(02)00036-X},
    issn = {15678326},
    journal = {The Journal of Logic and Algebraic Programming},
    month = {jul},
    pages = {163--181},
    title = {{Automated verification of an audio-control protocol using UPPAAL}},
    url = {http://linkinghub.elsevier.com/retrieve/pii/S156783260200036X},
    volume = {52-53},
    year = {2002}
}

@article{Dong:2014,
    author = {Dong, Jin Song and Liu, Yang and Sun, Jun and Zhang, Xian},
    doi = {10.1007/s00165-013-0280-9},
    issn = {0934-5043},
    journal = {Formal Aspects of Computing},
    month = {jul},
    number = {4},
    pages = {729--759},
    title = {{Towards verification of computation orchestration}},
    url = {http://link.springer.com/10.1007/s00165-013-0280-9},
    volume = {26},
    year = {2014}
}

@article{Echeveste:2013,
    author = {Echeveste, Jos{\'{e}} and Cont, Arshia and Giavitto, Jean-Louis and Jacquemard, Florent},
    doi = {10.1007/s10626-013-0166-2},
    issn = {0924-6703},
    journal = {Discrete Event Dynamic Systems},
    mendeley-groups = {Timed Automata},
    month = {dec},
    number = {4},
    pages = {343--383},
    title = {{Operational semantics of a domain specific language for real time musician–computer interaction}},
    url = {http://link.springer.com/10.1007/s10626-013-0166-2},
    volume = {23},
    year = {2013}
}

@article{Waez:2013,
    author = {Waez, Md Tawhid Bin and Dingel, Juergen and Rudie, Karen},
    doi = {10.1016/j.cosrev.2013.05.001},
    issn = {15740137},
    journal = {Computer Science Review},
    month = {aug},
    pages = {1--26},
    title = {{A survey of timed automata for the development of real-time systems}},
    url = {http://linkinghub.elsevier.com/retrieve/pii/S1574013713000178},
    volume = {9},
    year = {2013}
}

@article{Lindahl:2001,
    author = {Lindahl, Magnus and Pettersson, Paul and Yi, Wang},
    doi = {10.1007/s100090100048},
    journal = {International Journal on Software Tools for Technology Transfer},
    keywords = {timed automata},
    mendeley-groups = {Timed Automata},
    mendeley-tags = {timed automata},
    number = {3},
    pages = {353--368},
    title = {{Formal design and analysis of a gear controller}},
    volume = {3},
    year = {2001}
}

@incollection{Arias:SOS,
    author = {Arias, Jaime and Desainte-Catherine, Myriam and Olarte, Carlos and Rueda, Camilo},
    booktitle = {5th International Conference on Mathematics and Computation in Music, MCM 2015, London, UK, June 22-25, 2015},
    doi = {10.1007/978-3-319-20603-5_3},
    editor = {Collins, Tom and Meredith, David and Volk, Anja},
    pages = {29--41},
    publisher = {Springer},
    series = {Lecture Notes in Computer Science},
    title = {{Foundations for Reliable and Flexible Interactive Multimedia Scores}},
    url = {http://link.springer.com/10.1007/978-3-319-20603-5{\_}3},
    volume = {9110},
    year = {2015}
}

@inproceedings{Arias:FPGA,
    author = {Arias, Jaime and Desainte-Catherine, Myriam and Rueda, Camilo},
    booktitle = {Journ{\'{e}}es d'Informatique Musicale, JIM 2015, Montr{\'{e}}al, Canada, May 7-9, 2015},
    title = {{Exploiting Parallelism in FPGAs for the Real-Time Interpretation of Interactive Multimedia Scores}},
    url = {http://jim2015.oicrm.org/actes/JIM15{\_}Arias{\_}J{\_}et{\_}al.pdf},
    year = {2015}
}



@article{David:2015,
    author = {David, Alexandre and Larsen, Kim G and Legay, Axel and Miku{\v{c}}ionis, Marius and Poulsen, Danny B{\o}gsted},
    doi = {10.1007/s10009-014-0361-y},
    issn = {1433-2779},
    journal = {International Journal on Software Tools for Technology Transfer},
    mendeley-groups = {Timed Automata},
    month = {aug},
    number = {4},
    pages = {397--415},
    title = {{Uppaal SMC tutorial}},
    url = {http://link.springer.com/10.1007/s10009-014-0361-y},
    volume = {17},
    year = {2015}
}


@incollection{Kim:2015,
    author = {Kim, Jin Hyun and Larsen, Kim G and Nielsen, Brian and Miku{\v{c}}ionis, Marius and Olsen, Petur},
    booktitle = {Formal Methods for Industrial Critical Systems - 20th International Workshop, {\{}FMICS{\}} 2015, Oslo, Norway, June 22-23, 2015 Proceedings},
    doi = {10.1007/978-3-319-19458-5{\_}4},
    editor = {N{\'{u}}{\~{n}}ez, Manuel and G{\"{u}}demann, Matthias},
    mendeley-groups = {Timed Automata},
    pages = {47--61},
    publisher = {Springer},
    series = {Lecture Notes in Computer Science},
    title = {{Formal Analysis and Testing of Real-Time Automotive Systems Using UPPAAL Tools}},
    url = {http://link.springer.com/10.1007/978-3-319-19458-5{\_}4},
    volume = {9128},
    year = {2015}
}

@inproceedings{raimond2007music,
    title={The Music Ontology.},
    author={Raimond, Yves and Abdallah, Samer A and Sandler, Mark B and Giasson, Frederick},
    booktitle={ISMIR},
    pages={417--422},
    year={2007},
    organization={Citeseer}
}


@article{Schivo:2014,
    author = {Schivo, Stefano and Scholma, Jetse and Wanders, Brend and Camacho, Ricardo A Urquidi and van der Vet, Paul E and Karperien, Marcel and Langerak, Rom and van de Pol, Jaco and Post, Janine N},
    doi = {10.1109/JBHI.2013.2292880},
    issn = {2168-2194},
    journal = {IEEE Journal of Biomedical and Health Informatics},
    mendeley-groups = {Timed Automata},
    month = {may},
    number = {3},
    pages = {832--839},
    title = {{Modeling Biological Pathway Dynamics With Timed Automata}},
    url = {http://ieeexplore.ieee.org/lpdocs/epic03/wrapper.htm?arnumber=6676814},
    volume = {18},
    year = {2014}
}

@inproceedings{Poncelet:2015,
    address = {New York, New York, USA},
    author = {Poncelet, Cl{\'{e}}ment and Jacquemard, Florent},
    booktitle = {Proceedings of the 30th Annual ACM Symposium on Applied Computing - SAC '15},
    doi = {10.1145/2695664.2695804},
    editor = {Wainwright, Roger L and Corchado, Juan Manuel and Bechini, Alessio and Hong, Jiman},
    isbn = {9781450331968},
    mendeley-groups = {Timed Automata},
    pages = {1759--1764},
    publisher = {ACM Press},
    title = {{Model based testing of an interactive music system}},
    url = {http://dl.acm.org/citation.cfm?doid=2695664.2695804},
    year = {2015}
}

@book{Milner:1989,
    author = {Milner, Robin},
    isbn = {978-0-13-115007-2},
    mendeley-groups = {Process Calculi},
    publisher = {Prentice Hall},
    series = {{\{}PHI{\}} Series in computer science},
    title = {{Communication and concurrency}},
    year = {1989}
}

@article{Alur:1993a,
    author = {Alur, Rajeev and Courcoubetis, Costas and Dill, D.},
    doi = {10.1006/inco.1993.1024},
    issn = {08905401},
    journal = {Information and Computation},
    mendeley-groups = {Timed Automata},
    month = {may},
    number = {1},
    pages = {2--34},
    title = {{Model-Checking in Dense Real-Time}},
    url = {http://linkinghub.elsevier.com/retrieve/pii/S0890540183710242},
    volume = {104},
    year = {1993}
}

@article{Tange2011a,
    title = {GNU Parallel - The Command-Line Power Tool},
    author = {O. Tange},
    address = {Frederiksberg, Denmark},
    journal = {;login: The USENIX Magazine},
    month = {Feb},
    number = {1},
    volume = {36},
    url = {http://www.gnu.org/s/parallel},
    year = {2011},
    pages = {42-47},
    doi = {10.5281/zenodo.16303}
}


@mastersthesis{slomp2010reducing,
    author       = {Slomp, GH},
    title        = {Reducing UPPAAL models through control flow analysis},
    school       = {University of Twente},
    year         = {2010}
}

@article{Dhaussy:2012,
    author = {Dhaussy, Philippe and Boniol, Fr{\'{e}}d{\'{e}}ric and Roger, Jean-Charles and Leroux, Luka},
    doi = {10.1155/2012/547157},
    issn = {1687-8655},
    journal = {Advances in Software Engineering},
    pages = {1--13},
    title = {{Improving Model Checking with Context Modelling}},
    url = {http://www.hindawi.com/journals/ase/2012/547157/},
    volume = {2012},
    year = {2012}
}



@inproceedings{celerier_ossia:_2015,
    address = {Paris, France},
    author = {Celerier, Jean-Micha{\"{e}}l and Baltazar, Pascal and Bossut, Cl{\'{e}}ment and Vuaille, Nicolas and Couturier, Jean-Michel and Desainte-Catherine, Myriam},
    booktitle = {Proceedings of the First International Conference on Technologies for Music Notation and Representation - {TENOR 2015}},
    editor = {Battier, Marc and Bresson, Jean and Couprie, Pierre and Davy-Rigaux, C{\'{e}}cile and Fober, Dominique and Geslin, Yann and Genevois, Hugues and Picard, Fran{\c{c}}ois and Tacaille, Alice},
    isbn = {978-2-9552905-0-7},
    pages = {81--90},
    publisher = {Institut de Recherche en Musicologie},
    title = {{OSSIA: towards a unified interface for scoring time and interaction}},
    url = {http://tenor2015.tenor-conference.org/papers/13-Celerier-OSSIA.pdf},
    year = {2015}
}


@inproceedings{baltazar_i-score_2014,
    author = {Baltazar, Pascal and de la Hogue, Th{\'{e}}o and Desainte-Catherine, Myriam},
    booktitle = {40th International Computer Music Conference {ICMC} / 11th Sound and Music Computing Conference {SMC}, Athens, Greece, September 14-20, 2014},
    editor = {Georgaki, Anastasia and Kouroupetroglou, Georgios},
    pages = {1826--1829},
    title = {{i-score, an Interactive Sequencer for the Intermedia Arts}},
    url = {http://speech.di.uoa.gr/ICMC-SMC-2014/images/VOL{\_}2/1826.pdf},
    year = {2014}
}

@inproceedings{Arias:RML,
    author = {Arias, Jaime and Desainte-Catherine, Myriam and Salvati, Sylvain and Rueda, Camilo},
    booktitle = {Journ{\'{e}}es d'Informatique Musicale, JIM 2014, Bourges, France, May 21-23, 2014},
    pages = {25--34},
    title = {{Executing Hierarchical Interactive Scores in ReactiveML}},
    url = {http://jim.afim-asso.org/jim2014/attachments/article/92/JIM2014{\_}Actes{\_}maquette{\_}006.pdf},
    year = {2014}
}

@inproceedings{Baudart:2013b,
    author = {Baudart, Guillaume and Jacquemard, Florent and Mandel, Louis and Pouzet, Marc},
    booktitle = {2013 Proceedings of the International Conference on Embedded Software (EMSOFT)},
    doi = {10.1109/EMSOFT.2013.6658579},
    isbn = {978-1-4799-1443-2},
    keywords = {Error handling and synchronization strategies,Language embedding,Mixed music,Synchronous programming},
    mendeley-groups = {ReactiveML},
    month = {sep},
    pages = {1--12},
    publisher = {IEEE},
    title = {{A synchronous embedding of Antescofo, a domain-specific language for interactive mixed music}},
    year = {2013}
}




@article{Blakowski:1996,
    author = {Blakowski, Gerold and Steinmetz, Ralf},
    doi = {10.1109/49.481691},
    journal = {{\{}IEEE{\}} Journal on Selected Areas in Communications},
    number = {1},
    pages = {5--35},
    title = {{A Media Synchronization Survey: Reference Model, Specification, and Case Studies}},
    volume = {14},
    year = {1996}
}

@inproceedings{Arias:UPPAAL,
    author = {Arias, Jaime and Desainte-Catherine, Myriam and Rueda, Camilo},
    booktitle = {15th International Conference on Application of Concurrency to System Design, ACSD 2015, Brussels, Belgium, June 21-26, 2015},
    pages = {140--151},
    publisher = {IEEE},
    title = {{A Framework for Composition, Verification and Real-Time Performance of Multimedia Interactive Scenarios}},
    year = {2015}
}

@inproceedings{coffy2014ascograph,
    title={AscoGraph: A User Interface for Sequencing and Score Following for Interactive Music},
    author={Coffy, Thomas and Giavitto, Jean-Louis and Cont, Arshia},
    booktitle={ICMC 2014-40th International Computer Music Conference},
    year={2014}
}
@inproceedings{fober2014augmented,
    title={Augmented Interactive Scores for Music Creation},
    author={Fober, Dominique and Orlarey, Yann and Letz, St{\'e}phane},
    booktitle={Korean Electro-Acoustic Music Society's 2014 Annual Conference},
    pages={85--91},
    year={2014}
}

@inproceedings{allombert_system_2007,
    title = {A system of interactive scores based on Petri nets},
    url = {http://hal.upmc.fr/hal-00307926},
    pages = {158--165},
    booktitle = {4th Sound and Music Computing Conference ({SMC}07)},
    author = {Allombert, Antoine and Assayag, Gérard and Desainte-Catherine, Myriam},
    urldate = {2015-11-02},
    year = {2007},
    file = {aadm07.pdf:/home/jcelerier/.zotero/zotero/ex3m2gnr.default/zotero/storage/UU25GHZN/aadm07.pdf:application/pdf}
}

@phdthesis{Allombert:2009,
    author = {Allombert, Antoine},
    school = {Universit{\'{e}} de Bordeaux},
    title = {{Aspects Temporels d'un Syst{\`{e}}me de Partitions Musicales Interactives pour la Composition et l'Ex{\'{e}}cution}},
    url = {http://ori-oai.u-bordeaux1.fr/pdf/2009/ALLOMBERT{\_}ANTOINE{\_}2009.pdf},
    year = {2009}
}

@article{Toro:2014,
    author = {Toro, Mauricio and Desainte-Catherine, Myriam and Rueda, Camilo},
    doi = {10.1080/17459737.2013.870610},
    journal = {Journal of Mathematics and Music},
    number = {1},
    pages = {93--112},
    title = {{Formal semantics for interactive music scores: a framework to design, specify properties and execute interactive scenarios}},
    volume = {8},
    year = {2014}
}

@inproceedings{Olarte:2009,
    author = {Olarte, Carlos and Rueda, Camilo},
    booktitle = {2nd International Conference on Mathematics and Computation in Music, {\{}MCM{\}} 2009, New Haven, CT, USA, June 19-22, 2009},
    doi = {10.1007/978-3-642-02394-1{\_}20},
    editor = {Chew, Elaine and Childs, Adrian and Chuan, Ching-Hua},
    isbn = {978-3-642-02393-4},
    pages = {218--227},
    publisher = {Springer Berlin Heidelberg},
    series = {Communications in Computer and Information Science},
    title = {{A Declarative Language for Dynamic Multimedia Interaction Systems}},
    volume = {38},
    year = {2009}
}

@article{Desainte-Catherine:2013,
    author = {Desainte-Catherine, Myriam and Allombert, Antoine and Assayag, G{\'{e}}rard},
    doi = {10.1162/COMJ_a_00179},
    journal = {Computer Music Journal},
    number = {2},
    pages = {61--72},
    title = {{Towards a Hybrid Temporal Paradigm for Musical Composition and Performance: The Case of Musical Interpretation}},
    volume = {37},
    year = {2013}
}


@inproceedings{Alur:1990,
    author = {Alur, Rajeev and Courcoubetis, Costas and Dill, David L},
    booktitle = {Proceedings of the Fifth Annual Symposium on Logic in Computer Science (LICS '90), Philadelphia, Pennsylvania, USA, June 4-7, 1990},
    doi = {10.1109/LICS.1990.113766},
    pages = {414--425},
    publisher = {IEEE Computer Society},
    title = {{Model-Checking for Real-Time Systems}},
    year = {1990}
}

@article{DSilva:2008,
    author = {D'Silva, Vijay and Kroening, Daniel and Weissenbacher, Georg},
    doi = {10.1109/TCAD.2008.923410},
    issn = {0278-0070},
    journal = {IEEE Transactions on Computer-Aided Design of Integrated Circuits and Systems},
    month = {jul},
    number = {7},
    pages = {1165--1178},
    title = {{A Survey of Automated Techniques for Formal Software Verification}},
    url = {http://ieeexplore.ieee.org/lpdocs/epic03/wrapper.htm?arnumber=4544862},
    volume = {27},
    year = {2008}
}


@article{Emerson:1982,
    author = {Emerson, E Allen and Clarke, Edmund M},
    doi = {10.1016/0167-6423(83)90017-5},
    journal = {Sci. Comput. Program.},
    number = {3},
    pages = {241--266},
    title = {{Using Branching Time Temporal Logic to Synthesize Synchronization Skeletons}},
    volume = {2},
    year = {1982}
}

@article{Wang:2015,
    author    = {Ge Wang and
    Perry R. Cook and
    Spencer Salazar},
    title     = {ChucK: {A} Strongly Timed Computer Music Language},
    journal   = {Computer Music Journal},
    volume    = {39},
    number    = {4},
    pages     = {10--29},
    year      = {2015}
}






@inproceedings{sant2015structured,
    title={Structured synchronous reactive programming with C{\'e}u},
    author={Sant'Anna, Francisco and Ierusalimschy, Roberto and Rodriguez, Noemi},
    booktitle={Proceedings of the 14th International Conference on Modularity},
    pages={29--40},
    year={2015},
    organization={ACM}
}
@inproceedings{brinkmann2011embedding,
    title={Embedding pure data with libpd},
    author={Brinkmann, Peter and Kirn, Peter and Lawler, Richard and McCormick, Chris and Roth, Martin and Steiner, Hans-Christoph},
    booktitle={Proceedings of the Pure Data Convention},
    volume={291},
    year={2011},
    organization={Citeseer}
}


@inproceedings{Santos:2016:CLI:2976796.2976856,
    author = {Santos, Rodrigo C.M. and Lima, Guilherme F. and Sant'Anna, Francisco and Rodriguez, Noemi},
    title = {C\'{E}U-MEDIA: Local Inter-Media Synchronization Using C\'{E}U},
    booktitle = {Proceedings of the 22Nd Brazilian Symposium on Multimedia and the Web},
    series = {Webmedia '16},
    year = {2016},
    pages = {143--150},
    numpages = {8},
    acmid = {2976856},
    publisher = {ACM},
    address = {New York, NY, USA},
    keywords = {C\'{E}U, C\'{E}U-MEDIA, inter-media synchronization, multimedia, synchronous hypothesis},
} 

@article{puckette1996pure,
    title={Pure Data: another integrated computer music environment},
    author={Puckette, Miller and others},
    journal={Proceedings of the second intercollege computer music concerts},
    pages={37--41},
    year={1996}
}


@inproceedings{benveniste_data-flow_1993,
    title = {Data-flow synchronous languages},
    pages = {1--45},
    booktitle = {Workshop/School/Symposium of the {REX} Project (Research and Education in Concurrent Systems)},
    publisher = {Springer},
    author = {Benveniste, Albert and Caspi, Paul and Le Guernic, Paul and Halbwachs, Nicolas},
    date = {1993}
}

@collection{bhattacharyya_handbook_2013,
    location = {New York, {NY}},
    title = {Handbook of Signal Processing Systems},
    publisher = {Springer New York},
    editor = {Bhattacharyya, Shuvra S. and Deprettere, Ed F. and Leupers, Rainer and Takala, Jarmo},
    date = {2013},
    langid = {english}
}

@inproceedings{garcia:hal-01484077,
    TITLE = {{Timed Sequences: A Framework for Computer-Aided Composition with Temporal Structures}},
    AUTHOR = {Garcia, J{\'e}r{\'e}mie and Bouche, Dimitri and Bresson, Jean},
    BOOKTITLE = {{TENOR2017}},
    ADDRESS = {A Coru{\~n}a, Spain},
    YEAR = {2017},
    MONTH = May,
    HAL_ID = {hal-01484077},
    HAL_VERSION = {v1},
}

@article{bresson:hal-00965747,
    TITLE = {{A Reactive Extension of the OpenMusic Visual Programming Language}},
    AUTHOR = {Bresson, Jean and Giavitto, Jean-Louis},
    JOURNAL = {{Journal of Visual Languages and Computing}},
    PUBLISHER = {{Elsevier}},
    VOLUME = {25},
    NUMBER = {4},
    PAGES = {363-375},
    YEAR = {2014},
    HAL_ID = {hal-00965747},
    HAL_VERSION = {v1},
}


@inproceedings{halang2001safe,
    title={Safe object oriented programming of distributed real time systems in PEARL},
    author={Halang, Wolfgang A and Pereira, Carlos Eduardo and Frigeri, Alceu Heinke},
    booktitle={Proceedings of ISORC-2001},
    pages={87--94},
    year={2001},
    organization={IEEE}
}

@phdthesis{bempelis2015boolean,
    title={Boolean Parametric Data Flow Modeling-Analyses-Implementation},
    author={Bempelis, Evangelos},
    year={2015},
    school={Universit{\'e} Grenoble Alpes}
}


@article{scaletti2002computer,
    title={Computer music languages, Kyma, and the future},
    author={Scaletti, Carla},
    journal={Computer Music Journal},
    volume={26},
    number={4},
    pages={69--82},
    year={2002},
    publisher={MIT Press}
}
@article{scaletti1989kyma,
    title={The Kyma/Platypus computer music workstation},
    author={Scaletti, Carla},
    journal={Computer Music Journal},
    volume={13},
    number={2},
    pages={23--38},
    year={1989},
    publisher={JSTOR}
}

@inproceedings{celerier2015ossia,
    title={OSSIA: Towards a unified interface for scoring time and interaction},
    author={Celerier, Jean-Micha{\"e}l and Baltazar, Pascal and Bossut, Cl{\'e}ment and Vuaille, Nicolas and Couturier, Jean-Michel and others},
    booktitle={TENOR2015},
    year={2015},
    ADDRESS = {Paris, France},
    MONTH = May,
}
@article{arias2016authoring,
    title={Authoring and automatic verification of interactive multimedia scores},
    author={Arias, Jaime and Celerier, Jean-Micha{\"e}l and Desainte-Catherine, Myriam},
    journal={Journal of New Music Research},
    pages={1--19},
    year={2016},
    publisher={Taylor \& Francis}
}

@inproceedings{celerier2016graphical,
    title={Graphical Temporal Structured Programming for Interactive Music},
    author={Celerier, Jean-Micha{\"e}l and Desainte-Catherine, Myriam and Couturier, Jean-Michel},
    booktitle={International Computer Music Conference},
    year={2016}
}
@inproceedings{celerier2016rethinking,
    title={Rethinking the audio workstation: tree-based sequencing with i-score and the LibAudioStream},
    author={Celerier, Jean-Micha{\"e}l and Desainte-Catherine, Myriam and Couturier, Jean-Michel},
    booktitle={Sound and Music Computing},
    year={2016}
}
@article{lamport1998part,
    title={The part-time parliament},
    author={Lamport, Leslie},
    journal={ACM Transactions on Computer Systems (TOCS)},
    volume={16},
    number={2},
    pages={133--169},
    year={1998},
    publisher={ACM}
}
@inproceedings{ongaro2014search,
    title={In search of an understandable consensus algorithm},
    author={Ongaro, Diego and Ousterhout, John},
    booktitle={2014 USENIX Annual Technical Conference (USENIX ATC 14)},
    pages={305--319},
    year={2014}
}
@article{sheehy2015there,
    title={There is no now},
    author={Sheehy, Justin},
    journal={Communications of the ACM},
    volume={58},
    number={5},
    pages={36--41},
    year={2015},
    publisher={ACM}
}

@article{mills1991internet,
    title={Internet time synchronization: the network time protocol},
    author={Mills, David L},
    journal={Communications, IEEE Transactions on},
    volume={39},
    number={10},
    pages={1482--1493},
    year={1991},
    publisher={IEEE}
}

@inproceedings{hsu2012measurement,
    title={A measurement of time synchronization on mobile devices},
    author={Hsu, Wang-Hsin and Liu, You-Shun and Lin, Wen-Yen and Tai, Wei-Chen and Wu, Jung-Shyr},
    booktitle={Instrumentation and Measurement Technology Conference (I2MTC), 2012 IEEE International},
    pages={2692--2694},
    year={2012},
    organization={IEEE}
}

@inproceedings{peng2009research,
    title={The research of precision time protocol IEEE1588},
    author={Peng-Fei, Yu and Qiang, Yu and Hui, Deng and Xing-chuan, Bao and Yuan-yuan, Ma},
    booktitle={International Conference on Electrical Engineering},
    year={2009}
}
@article{corbett2013spanner,
    title={Spanner: Google’s globally distributed database},
    author={Corbett, James C and Dean, Jeffrey and Epstein, Michael and Fikes, Andrew and Frost, Christopher and Furman, Jeffrey John and Ghemawat, Sanjay and Gubarev, Andrey and Heiser, Christopher and Hochschild, Peter and others},
    journal={ACM Transactions on Computer Systems (TOCS)},
    volume={31},
    number={3},
    pages={8},
    year={2013},
    publisher={ACM}
}
@inproceedings{kulkarni2014logical,
    title={Logical physical clocks},
    author={Kulkarni, Sandeep S and Demirbas, Murat and Madappa, Deepak and Avva, Bharadwaj and Leone, Marcelo},
    booktitle={International Conference on Principles of Distributed Systems},
    pages={17--32},
    year={2014},
    organization={Springer}
}
@inproceedings{carot2009netjack,
    title={Netjack-Remote music collaboration with electronic sequencers on the Internet},
    author={Car{\^o}t, Alexander and Hohn, Torben and Werner, Christian},
    booktitle={Linux Audio Conference},
    year={2009}
}
@inproceedings{carot2007networked,
    title={Networked music performance: State of the art},
    author={Car{\^o}t, Alexander and Rebelo, Pedro and Renaud, Alain},
    booktitle={Audio engineering society conference: 30th international conference: intelligent audio environments},
    year={2007},
    organization={Audio Engineering Society}
}

@article{pignato2015deterritorialized,
    title={Deterritorialized, Multilocated and Distributed: Musical space, poietic domains and cognition in distance collaboration},
    author={Pignato, Joseph Michael and Begany, Grace M},
    journal={Journal of Music, Technology \& Education},
    volume={8},
    number={2},
    pages={111--128},
    year={2015},
    publisher={Intellect}
}

@article{koszolko2015crowdsourcing,
    title={Crowdsourcing, jamming and remixing: a qualitative study of contemporary music production practices in the cloud},
    author={Koszolko, Martin K},
    journal={Journal on the Art of Record Production},
    volume={10},
    year={2015},
    publisher={Art of Record Production}
}


@article{scheiterer2009synchronization,
    title={Synchronization performance of the precision time protocol in industrial automation networks},
    author={Scheiterer, Ruxandra Lupas and Na, Chongning and Obradovic, Dragan and Steindl, G{\"u}nter},
    journal={Instrumentation and Measurement, IEEE Transactions on},
    volume={58},
    number={6},
    pages={1849--1857},
    year={2009},
    publisher={IEEE}
}

@article{elson2002fine,
    title={Fine-grained network time synchronization using reference broadcasts},
    author={Elson, Jeremy and Girod, Lewis and Estrin, Deborah},
    journal={ACM SIGOPS Operating Systems Review},
    volume={36},
    number={SI},
    pages={147--163},
    year={2002},
    publisher={ACM}
}

@article{abari2014one,
    title={One Clock to Rule Them All: A Primitive for Distributed Wireless Protocols at the Physical Layer},
    author={Abari, Omid and Rahul, Hariharan and Katabi, Dina},
    year={2014}
}

@inproceedings{syed2006time,
    title={Time Synchronization for High Latency Acoustic Networks.},
    author={Syed, Affan A and Heidemann, John S},
    booktitle={INFOCOM},
    year={2006}
}

@article{torres1999plausible,
    title={Plausible clocks: constant size logical clocks for distributed systems},
    author={Torres-Rojas, Francisco J and Ahamad, Mustaque},
    journal={Distributed Computing},
    volume={12},
    number={4},
    pages={179--195},
    year={1999},
    publisher={Springer}
}

@misc{banerjee2012network,
    title={Network latency estimation},
    author={Banerjee, S. and Sharma, P. and Lee, S.J.},
    url={http://www.google.com/patents/US8254264},
    year={2012},
    month=aug # "~28",
    publisher={Google Patents},
    note={US Patent 8,254,264}
}

@inproceedings{gummadi2002king,
    title={King: Estimating latency between arbitrary internet end hosts},
    author={Gummadi, Krishna P and Saroiu, Stefan and Gribble, Steven D},
    booktitle={Proceedings of the 2nd ACM SIGCOMM Workshop on Internet measurment},
    pages={5--18},
    year={2002},
    organization={ACM}
}

@patent{im2000method,
    title={Method and system for peer-to-peer network latency measurement},
    author={Im, Hoon and Link, Craig A},
    year={2000},
    month=jan # "~4",
    publisher={Google Patents},
    note={US Patent 6,012,096}
}

@inproceedings{arumi2006dataflow,
    title={A dataflow pattern catalog for sound and music computing},
    author={Arum{\'\i}, Pau and Garc{\'\i}a, David and Amatriain, Xavier},
    booktitle={Proceedings of PLOP06},
    pages={26},
    year={2006},
    organization={ACM}
}

@INPROCEEDINGS{Freed09featuresand,
    author = {Adrian Freed and Andy Schmeder},
    title = {{Features and Future of Open Sound Control version 1.1 for NIME}},
    booktitle = {Proceedings of NIME13},
    year = {2009},
    pages = {116--120}
}
@inproceedings{mills2010dislocated,
    title={Dislocated sound: A survey of improvisation in networked audio platforms},
    author={Mills, RH},
    booktitle={New Interfaces for Musical Expression},
    year={2010},
    organization={University of Technology, Sydney.}
}

@inproceedings{mckinney2012oscthulhu,
    title={Oscthulhu: Applying video game state-based synchronization to network computer music},
    author={McKinney, Curtis and McKinney, Chad},
    booktitle={International Computer Music Conference},
    year={2012}
}
@article{ferrant2008synchronous,
    title={Synchronous Ethernet: A method to transport synchronization},
    author={Ferrant, J-L and Gilson, Mike and Jobert, Sebastien and Mayer, Michael and Ouellette, Michel and Montini, Laurent and Rodrigues, Silvana and Ruffini, Stefano},
    journal={IEEE Communications Magazine},
    volume={46},
    number={9},
    year={2008},
    publisher={IEEE}
}
@inproceedings{oda2016global,
    title={The Global Metronome: Absolute tempo sync for networked musical performance},
    author={Oda, Reid and Fiebrink, Rebecca and others},
    booktitle={New Interfaces for Musical Expression},
    year={2016},
    publisher={Goldsmiths University of London}
}



@article{lamport1978time,
    title={Time, clocks, and the ordering of events in a distributed system},
    author={Lamport, Leslie},
    journal={Communications of the ACM},
    volume={21},
    number={7},
    pages={558--565},
    year={1978},
    publisher={ACM}
}





@article{bell2015skeuomorphism ,
    author = {A. Bell and E. Hein and J. Ratcliffe},
    title = {{Beyond Skeuomorphism: The Evolution of Music Production Software User Interface Metaphors}},
    journal =  {Journal on the Art of Record Production},
    date = {2015},
    year={2015}
}

@incollection{fencott2013computer,
    title={{Computer musicking: HCI, CSCW and collaborative digital musical interaction}},
    author={Fencott, Robin and Bryan-Kinns, Nick},
    booktitle={Music and Human-Computer Interaction},
    pages={189--205},
    year={2013},
    publisher={Springer}
}

@article{puckette1996pure,
    title={Pure Data: another integrated computer music environment},
    author={Puckette, Miller and others},
    journal={Proceedings of the second intercollege computer music concerts},
    pages={37--41},
    year={1996}
}

@article{mccartney2002rethinking,
    title={Rethinking the computer music language: SuperCollider},
    author={McCartney, James},
    journal={Computer Music Journal},
    volume={26},
    number={4},
    pages={61--68},
    year={2002},
    publisher={MIT Press}
}


@inproceedings{vercoe1990real,
    title={Real-time CSOUND: Software synthesis with sensing and control},
    author={Vercoe, Barry and Ellis, Dan},
    booktitle={Proceedings of the International Computer Music Conference},
    pages={209--211},
    year={1990}
}

@techreport{letzlibaudiostream,
    TITLE = {{Sp{\'e}cification de l'extension LibAudioStream}},
    AUTHOR = {Letz, St{\'e}phane},
    URL = {https://hal.archives-ouvertes.fr/hal-00965269},
    YEAR = {2014},
    MONTH = Mar,
    KEYWORDS = {audio ; faust},
    PDF = {https://hal.archives-ouvertes.fr/hal-00965269/file/inedit-L3.2.a-LibAudioStream.pdf},
    HAL_ID = {hal-00965269},
    HAL_VERSION = {v1},
} 

@inproceedings{seebach2001cranky,
    title={{The cranky user: The Principle of Least Astonishment}},
    author={Seebach, Peter},
    year={2001},
    booktitle={IBM DeveloperWorks}
}
@book{siek2001boost,
    title={{The Boost Graph Library: User Guide and Reference Manual, Portable Documents}},
    author={Siek, Jeremy G and Lee, Lie-Quan and Lumsdaine, Andrew},
    year={2001},
    publisher={Pearson Education}
}
@inproceedings{mollenkampparadigms,
    title={{Paradigms of Music Software Development}},
    author={M{\"o}llenkamp, Andreas},
    date={2014},
    year={2014},
    booktitle={Proceedings of the 9th Conference on Interdisciplinary Musicology}
}
@inproceedings{rosselet2013jam,
    title={{Jam On: a new interface for web-based collective music performance}},
    author={Rosselet, Ulysse and Renaud, Alain},
    booktitle={New Interfaces for Musical Expression},
    pages={394--399},
    year={2013},
    date={2013}
}
@inproceedings{berthaut2010drile,
    title={{Drile: an immersive environment for hierarchical live-looping}},
    author={Berthaut, Florent and Desainte-Catherine, Myriam and Hachet, Martin},
    booktitle={New Interfaces for Musical Expression},
    pages={192},
    year={2010}
}

@inproceedings{place2010jamoma,
    title={{The jamoma audio graph layer}},
    author={Place, Timothy and Lossius, Trond and Peters, Nils},
    booktitle={Proceedings of the 13th International Conference on Digital Audio Effects},
    pages={69--76},
    year={2010}
}

@inproceedings{bullock2011integra,
    title={{The integra framework for rapid modular audio application development}},
    author={Bullock, Jamie and Frisk, Henrik},
    year={2011},
    date={2011},
    booktitle={Proceedings of the International Computer Music Conference},
}

@inproceedings{bouche2014programmation,
    title={{Programmation and Control of Faust Sound Processing in OpenMusic}},
    author={Bouche, Dimitri and Bresson, Jean and Letz, St{\'e}phane},
    booktitle={Joint International Computer Music/Sound and Music Computing Conferences},
    year={2014}
}
@article{orlarey2009faust,
    title={{Faust: an efficient functional approach to DSP programming}},
    author={Orlarey, Yann and Fober, Dominique and Letz, St{\'e}phane},
    journal={New Computational Paradigms for Computer Music},
    volume={290},
    year={2009},
    publisher={Editions Delatour, Paris, France}
}


@inproceedings{celerier2015ossia,
    title = {{OSSIA : Towards a Unified Interface for Scoring time and Interaction}},
    booktitle = {Proceedings of the TENOR 2015 Conference},
    author = {Celerier, Jean-Michaël and Baltazar, Pascal and Bossut, Clément and Vuaille, Nicolas and Couturier, Jean-Michel and Desainte-Catherine, Myriam},
    urldate = {2015-11-02},
    date = {2015}
}

@article{scaletti1989kyma,
    title={The Kyma/Platypus computer music workstation},
    author={Scaletti, Carla},
    journal={Computer Music Journal},
    volume={13},
    number={2},
    pages={23--38},
    year={1989},
    publisher={JSTOR}
}
@inproceedings{bencina2005metasurface,
    title={{The metasurface: applying natural neighbour interpolation to two-to-many mapping}},
    author={Bencina, Ross},
    booktitle={New Interfaces for Musical Expression},
    pages={101--104},
    year={2005},
    date={2005}
}


@inproceedings{Arias:VMO-Score,
    address = {Paris, France},
    author = {Arias, Jaime and Desainte-Catherine, Myriam and Dubnov, Shlomo},
    booktitle = {4th International Workshop on Musical Metacreation (MUME 2016)},
    title = {{Automatic Construction of Interactive Machine Improvisation Scenarios from Audio Recordings}},
    year = {2016}
}











@online{guiguestockhausen,
    
    author = {Guigue, Didier and Trajano de Lima, Ernesto},
    title = {{La répartition spectrale comme vecteur formel dans la Klavierstück n.11 de Stockhausen}},
    url = {http://www.musimediane.com/numero4/Guigue-Trajano/},
    urldate = {2015-03-30}
}

@article{adan2011abjad,
    title={Abjad Documentation},
    author={Adán, Víctor and Bača, Trevor},
    url = {http://abjad.mbrsi.org/},
    year={2011}
}
@article{laurson2009overview,
    title={{An overview of PWGL, a visual programming environment for music}},
    author={Laurson, Mikael and Kuuskankare, Mika and Norilo, Vesa},
    journal={Computer Music Journal},
    volume={33},
    number={1},
    pages={19--31},
    year={2009},
    publisher={MIT Press}
}
@article{taube1997introduction,
    title={{An Introduction to Common Music}},
    author={Taube, Heinrich},
    journal={Computer Music Journal},
    pages={29--34},
    year={1997},
    publisher={JSTOR}
}

@inproceedings{didkovsky2008maxscore,
    title={{MaxScore: Music notation in Max/MSP}},
    author={Didkovsky, Nick and Hajdu, Georg},
    booktitle={Proceedings of the International Computer Music Conference},
    pages={483--486},
    year={2008}
}


@article{agostini2012gestures,
    title={{Gestures, Events, and Symbols in the Bach Environment}},
    author={Agostini, Andrea and Ghisi, Daniele and de Vel{\'a}zquez, Composer-Casa},
    journal={Actes des Journ{\'e}es d’Informatique Musicale},
    pages={247--255},
    year={2012}
}



@article{bonardi2007patch,
    title={{Le patch comme document numérique: support de création et de constitution de connaissances pour les arts de la performance}},
    author={Bonardi, Alain and Barth{\'e}lemy, J{\'e}r{\^o}me},
    journal={CIDE’10 Proceedings},
    year={2007}
}

@inproceedings{fober2013programming,
    title={{Programming Interactive Music Scores with INScore}},
    author={Fober, Dominique and Letz, St{\'e}phane and Orlarey, Yann and Bevilacqua, Fr{\'e}d{\'e}ric},
    booktitle={Sound and Music Computing},
    pages={185--190},
    year={2013}
}

@inproceedings{bresson2011openmusic,
    title={{OpenMusic: visual programming environment for music composition, analysis and research}},
    author={Bresson, Jean and Agon, Carlos and Assayag, G{\'e}rard},
    booktitle={Proceedings of the 19th ACM international conference on Multimedia},
    pages={743--746},
    year={2011},
    organization={ACM}
}

@inproceedings{janin2013multi,
    title={{Multi-scale design of interactive music systems: the libTuiles experiment}},
    author={Janin, David and Berthaut, Florent and Desainte-Catherine, Myriam},
    booktitle={SMC 2013},
    pages={123--129},
    year={2013}
}

@inproceedings{allombert2007system,
    title={{A system of interactive scores based on Petri nets}},
    author={Allombert, Antoine and Assayag, G{\'e}rard and Desainte-Catherine, Myriam and others},
    booktitle={Proc. of the 4th Sound and Music Conference},
    pages={158--165},
    year={2007}
}
@phdthesis{mauricio2012structured,
    title={{Structured Interactive Scores}},
    author={Mauricio, Toro},
    year={2012},
    school={Universit{\'e} Sciences et Technologies-Bordeaux I}
}
@phdthesis{allombert2009aspects,
    title={{Aspects temporels d’un système de partitions musicales interactives pour la composition et l’interprétation}},
    author={Allombert, Antoine},
    year={2009},
    school={PhD thesis, Universit{\'e} de Bordeaux}
}
@article{allen1983maintaining,
    title={{Maintaining knowledge about temporal intervals}},
    author={Allen, James F},
    journal={Communications of the ACM},
    volume={26},
    number={11},
    pages={832--843},
    year={1983},
    publisher={ACM}
}


@inproceedings{allombert2006concurrent,
    title={{Concurrent constraints models for interactive scores}},
    author={Allombert, Antoine and Assayag, G{\'e}rard and Desainte-Catherine, Myriam and Rueda, Camilo and others},
    booktitle={Proc. of the 3rd Sound and Music Computing Conference},
    year={2006}
}


@inproceedings{hogue2014ossia,
    title={{OSSIA : Open Scenario System for Interactive Applications}},
    author={De la Hogue, Théo and Baltazar, Pascal and Desainte-Catherine, Myriam and Chao, Jaime and Bossut, Clément},
    organization={Journées de l'Informatique Musicale},
    year={2014}
}
@inproceedings{toro2010concurrent,
    title={{Concurrent constraints conditional-branching timed interactive scores}},
    author={Toro-Berm{\'u}dez, Mauricio and Desainte-Catherine, Myriam and others},
    booktitle={Sound and Music Computing conference. Barcelona, Spain},
    year={2010},
    organization={Citeseer}
}

@article{toro2010model,
    title={{A model for interactive scores with temporal constraints and conditional branching}},
    author={Toro, Mauricio and Desainte-Catherine, Myriam and Baltazar, Pascal and others},
    journal={Proc. of Journ{\'e}es d'Informatique musicale},
    pages={31--38},
    year={2010}
}
@inproceedings{arias2014modelling,
    title={{Modelling Data Processing for Interactive Scores Using Coloured Petri Nets}},
    author={Arias, J and Desainte-Catherine, M and Rueda, C},
    booktitle={Proceedings of the14th International Conference On Applications Of Concurrency To System Design (ACSD’14)},
    pages={186--195},
    year={2014}
}


@article{ariasexecuting,
    title={{Executing Hierarchical Interactive Scores in ReactiveML}},
    author={Arias, Jaime and Desainte-Catherine, Myriam and Salvati, Sylvain and Rueda, Camilo}
}

@inproceedings{arias2015exploiting,
    title={{Exploiting Parallelism in FPGAs for the Real-Time Interpretation of Interactive Multimedia Scores}},
    author={Arias, Jaime and Desainte-Catherine, Myriam and Rueda, Camilo},
    year={2015},
    organization={submitted to Journées de l'Informatique Musicale}
}

@inproceedings{Baltazar:2014-i-score,
    Abstract = {The i-score intermedia sequencer allows to design complex interactive scenarios by coordinating heterogeneous and distributed media systems. Based on software frameworks issued by several long-term research iniatives, this application does not produce any media of its own, but rather controls other environments’ parameters, by creating snapshots and automations, and organizing them in time in a multi-linear way.
    In this article, we describe the main features of the software, in order to guide the workshop participants towards actual creation of interactive scenarios by controlling their favorite software environment. },
    Address = {Athens, Greece},
    Author = {Pascal Baltazar and Th{\'e}o de la Hogue and Myriam Desainte-Catherine},
    Booktitle = {Submitted to the joint ICMC/SMC conference},
    Title = {{i-score, an interactive sequencer for the intermedia arts}},
    Year = {2014}
}

@inproceedings{Jamoma-JIM11,
    Address = {Saint-Etienne, France},
    Author = {De La Hogue, T. and Rabin, J. and Garnier, L.},
    Booktitle = {Proc. of the 17es Journ{\'e}es d'Informatique Musicale},
    Title = {{Jamoma Modular: une librairie C++ dediee au developpement d'applications modulaires pour la création}},
    Year = {2011}
}

@inproceedings{de2016presentation,
    title={Pr{\'e}sentation d'un formalisme graphique pour l'{\'e}criture de sc{\'e}narios interactifs},
    author={De La Hogue, Th{\'e}o and Celerier, Jean-Micha{\"e}l and Baltazar, Pascal},
    booktitle={Journ{\'e}es d'Informatique Musicale},
    year={2016}
}

@inproceedings{celerier:hal-01300348,
    TITLE = {{Outils d'{\'e}criture spatiale pour les partitions interactives}},
    AUTHOR = {Celerier, Jean-Micha{\"e}l and Desainte-Catherine, Myriam and Couturier, Jean-Michel},
    URL = {https://hal.archives-ouvertes.fr/hal-01300348},
    BOOKTITLE = {{Journ{\'e}es d'informatique musicale 2016}},
    ADDRESS = {Albi, France},
    SERIES = {Journ{\'e}es d'informatique musicale 2016},
    PAGES = {82-92},
    YEAR = {2016},
    MONTH = Mar,
    KEYWORDS = {i-score ; interactive scores ; partitions interactives ; espace},
    PDF = {https://hal.archives-ouvertes.fr/hal-01300348/file/pp82-92.pdf},
    HAL_ID = {hal-01300348},
    HAL_VERSION = {v1},
}

@article{celerier2017execution,
    title={EX{\'E}CUTION R{\'E}PARTIE DE SC{\'E}NARIOS INTERACTIFS},
    author={Celerier, Jean-Micha{\"e}l and Desainte-Catherine, Myriam and Couturier, Jean-Michel}
}
@article{celerier2017extending,
    title={Extending dataflow with temporal graphs},
    booktitle={ICMC 2017},
    Year = {2017},
    author={Celerier, Jean-Micha{\"e}l and Desainte-Catherine, Myriam and Couturier, Jean-Michel}
}

